@book{Lawson1974,
    author = {Lawson, C. L. and Hanson, R. J.},
    booktitle = {Prentice-Hall Series in Automatic Computation, Englewood Cliffs: Prentice-Hall, 1974},
    edition = {3},
    editor = {Lawson, C. L. and Hanson, R. J.},
    keywords = {nnls},
    pages = {1--337},
    priority = {2},
    title = {Solving Least Squares Problems},
    year = {1974}
}

@inproceedings{1251257,
 author = {Candea, George and Kawamoto, Shinichi and Fujiki, Yuichi and Friedman, Greg and Fox, Armando},
 title = {Microreboot --- A technique for cheap recovery},
 booktitle = {OSDI'04: Proceedings of the 6th conference on Symposium on Opearting Systems Design \& Implementation},
 year = {2004},
 pages = {3--3},
 location = {San Francisco, CA},
 publisher = {USENIX Association},
 address = {Berkeley, CA, USA},
 }
 
 @inproceedings{1095833,
  author = {Qin, Feng and Tucek, Joseph and Sundaresan, Jagadeesan and Zhou, Yuanyuan},
  title = {{R}x: {T}reating {B}ugs {A}s {A}llergies---{A} {S}afe {M}ethod to {S}urvive {S}oftware {F}ailures},
  booktitle = {SOSP '05: Proceedings of the twentieth ACM symposium on Operating systems principles},
  year = {2005},
  isbn = {1-59593-079-5},
  pages = {235--248},
  location = {Brighton, United Kingdom},
  doi = {http://doi.acm.org/10.1145/1095810.1095833},
  publisher = {ACM},
  address = {New York, NY, USA},
  }
 

 @inproceedings{875631,
  author = {Kolettis, Nick and Fulton, N. Dudley},
  title = {Software Rejuvenation: Analysis, Module and Applications},
  booktitle = {FTCS '95: Proceedings of the Twenty-Fifth International Symposium on Fault-Tolerant Computing},
  year = {1995},
  pages = {381-390},
  publisher = {IEEE Computer Society},
  address = {Washington, DC, USA},
  }

@conference{al-nashif2008,
  title={{Multi-Level Intrusion Detection System (ML-IDS)}},
  author={{Al-Nashif, Y. and Kumar, A.A. and Hariri, S. and Luo, Y. and Szidarovsky, F. and Qu, G.}},
  booktitle={Autonomic Computing, 2008. ICAC'08. International Conference on},
  pages={131--140},
  year={2008}
}

 @misc{Mcafee,
	Author = {McAfee},
	Note = {\url{http://www.mcafee.com/us/}},
	Title = {{McAfee-Antivirus Software and Intrusion Prevension Solutions}}}


@misc{symantec,
	Author = {Symantec},
	Note = {\url{http://www.mcafee.com/us/}},
	Title = {{Symantec - AntiVirus, Anti-Spyware, Endpoint Security, Backup, Storage Solutions}}
}

@inproceedings{Roesch1999,
  author = {Roesch, Martin},
  title = {Snort - Lightweight Intrusion Detection for Networks},
  booktitle = {LISA '99: Proceedings of the 13th USENIX conference on System administration},
  year = {1999},
  pages = {229--238},
  location = {Seattle, Washington},
  publisher = {USENIX Association},
  address = {Berkeley, CA, USA},
}

@article{Vigna1999,
  author = {Vigna, Giovanni and Kemmerer, Richard A.},
  title = {NetSTAT: a network-based intrusion detection system},
  journal = {J. Comput. Secur.},
  volume = {7},
  number = {1},
  year = {1999},
  issn = {0926-227X},
  pages = {37--71},
  publisher = {IOS Press},
  address = {Amsterdam, The Netherlands, The Netherlands},
}

@INPROCEEDINGS{Ghanbari2008,
  title={Semantic-Driven Model Composition for Accurate Anomaly Diagnosis},
  author={Ghanbari, S. and Amza, C.},
  booktitle={Autonomic Computing, 2008. ICAC '08. International Conference on},
  year={2008},
  month={June},
  volume={},
  number={},
  pages={35-44},
  keywords={Bayes methods, belief networks, diagnostic expert systems, fault diagnosis, statistical analysis, unsupervised learningBayesian network, TPC-W industry-standard e-commerce benchmark, anomaly diagnosis, automatic fault injection, belief network, expert knowledge, generic statistical models, resource-specific models, semantic-driven model composition, semantic-driven modeling, system administrator, system modeling},
  doi={10.1109/ICAC.2008.33},
  ISSN={}, 
}

@INPROCEEDINGS{Brodie2005,
  title={Quickly Finding Known Software Problems via Automated Symptom Matching},
  author={Brodie, M. and Sheng Ma and Lohman, G. and Mignet, L. and Wilding, M. and Champlin, J. and Sohn, P.},
  booktitle={Autonomic Computing, 2005. ICAC 2005. Proceedings. Second International Conference on},
  year={2005},
  month={June},
  volume={},
  number={},
  pages={101-110},
  keywords={pattern matching, program debugging, program diagnostics, software engineeringautomated symptom matching, matching algorithm, program call-stack, software problem recurrence detection, software products, system architecture, system prototype},
  doi={10.1109/ICAC.2005.49},
  ISSN={}, 
}

@inproceedings{Jiang2009,
   author = {Jiang, Miao and Munawar, Mohammad A. and Reidemeister, Thomas and Ward, Paul A.S.},
   title = {System monitoring with metric-correlation models: problems and solutions},
   booktitle = {ICAC '09: Proceedings of the 6th international conference on Autonomic computing},
   year = {2009},
   isbn = {978-1-60558-564-2},
   pages = {13--22},
   location = {Barcelona, Spain},
   doi = {http://doi.acm.org/10.1145/1555228.1555233},
   publisher = {ACM},
   address = {New York, NY, USA},
}

@article{qhull,
   	Author = {Barber, CB and Huhdanpaa, H.},
   	Journal = {The Geometry Center, University of Minnesota, http://www.geom.umn.edu/software/qhull},
   	Title = {{Qhull}}
}

@inproceedings{zhen2006,
  	Author = {Guo, Z. and Jiang, G. and Chen, H. and Yoshihira, K.},
   	Booktitle = {Dependable Systems and Networks, 2006. DSN 2006. International Conference on},
   	Date-Modified = {2009-10-12 16:14:52 -0400},
   	Doi = {10.1109/DSN.2006.70},
   	Keywords = {Gaussian distribution, expectation-maximisation algorithm, fault diagnosis, fault tolerant computing, system monitoringGaussian mixture model, anomaly detection, complex system, distributed system, expectation-maximization algorithm, fault analysis, fault detection, probabilistic correlation tracking, recursive algorithm, system monitoring},
   	Month = {June},
   	Pages = {259-268},
   	Title = {Tracking Probabilistic Correlation of Monitoring Data for Fault Detection in Complex Systems},
   	Year = {2006},
   	Bdsk-Url-1 = {http://dx.doi.org/10.1109/DSN.2006.70}
}

@inproceedings{zhao2009,
      author = {Zhao, Ying and Tan, Yongmin and Gong, Zhenhuan and Gu, Xiaohui and
      Wamboldt, Mike},
       title = {Self-correlating predictive information tracking for large-scale
       production systems},
        booktitle = {ICAC '09: Proceedings of the 6th international conference on
        Autonomic computing},
         year = {2009},
          isbn = {978-1-60558-564-2},
           pages = {33--42},
            location = {Barcelona, Spain},
             doi = {http://doi.acm.org/10.1145/1555228.1555235},
              publisher = {ACM},
               address = {New York, NY, USA},
}

@INPROCEEDINGS{1301340,
Title={An Architectural Approach to Autonomic Computing},
author={White, S.R. and Hanson, J.E. and Whalley, I. and Chess, D.M. and Kephart, J.O.},
booktitle={Autonomic Computing, 2004. Proceedings. International Conference on},
year={2004},
month={May},
volume={},
number={},
pages={ 2-9},
abstract={ We describe an architectural approach to achieving the goals of autonomic computing. The architecture that we outline describes interfaces and behavioral requirements for individual system components, describes how interactions among components are established, and recommends design patterns that engender the desired system-level properties of self-configuration, self-optimization, self-healing and self-protection. We have validated many of these ideas in two prototype autonomic computing systems.},
keywords={ configuration management, self-adjusting systems, software architecture, system monitoring autonomic computing, components interaction, large-scale computing, self-configuration property, self-healing property, self-managing components, self-managing systems, self-optimization property, self-protection property, system components, system-level properties},
doi={10.1109/ICAC.2004.1301340},
ISSN={ }, }

@article{ Zhang2005,
       author = {Steve Zhang and Ira Cohen and Moises Goldszmidt and Julie Symons and Armando Fox},
       title = {Ensembles of Models for Automated Diagnosis of System Performance Problems},
       journal ={Dependable Systems and Networks, International Conference on},
       volume = {0},
       year = {2005},
       isbn = {0-7695-2282-3},
       pages = {644-653},
       doi = {http://doi.ieeecomputersociety.org/10.1109/DSN.2005.44},
       publisher = {IEEE Computer Society},
       address = {Los Alamitos, CA, USA},
  }

       @inproceedings{Cohen2004,
        author = {Cohen, Ira and Goldszmidt, Moises and Kelly, Terence and Symons, Julie and Chase, Jeffrey S.},
        title = {Correlating instrumentation data to system states: a building block for automated diagnosis and control},
        booktitle = {OSDI'04: Proceedings of the 6th conference on Symposium on Opearting Systems Design \& Implementation},
        year = {2004},
        pages = {16--16},
        location = {San Francisco, CA},
        publisher = {USENIX Association},
        address = {Berkeley, CA, USA},
        }
        @article{ Jiang2005,
        author = {Guofei Jiang and Haifeng Chen and Cristian Ungureanu and Kenji Yoshihira},
        title = {Multi-resolution Abnormal Trace Detection Using Varied-length N-grams and Automata},
        journal ={Autonomic Computing, International Conference on},
        volume = {0},
        year = {2005},
        isbn = {0-7965-2276-9},
        pages = {111-122},
        doi = {http://doi.ieeecomputersociety.org/10.1109/ICAC.2005.42},
        publisher = {IEEE Computer Society},
        address = {Los Alamitos, CA, USA},
        }


        @article{Burgess2002,
         author = {Burgess, Mark and Haugerud, H{\aa}rek and Straumsnes, Sigmund and Reitan, Trond},
         title = {Measuring system normality},
         journal = {ACM Trans. Comput. Syst.},
         volume = {20},
         number = {2},
         year = {2002},
         issn = {0734-2071},
         pages = {125--160},
         doi = {http://doi.acm.org/10.1145/507052.507054},
         publisher = {ACM},
         address = {New York, NY, USA},
         }

         @article{Burgess2006,
         author = {Burgess, Mark},
         title = {Probabilistic anomaly detection in distributed computer networks},
         journal = {Sci. Comput. Program.},
         volume = {60},
         number = {1},
         year = {2006},
         issn = {0167-6423},
         pages = {1--26},
         doi = {http://dx.doi.org/10.1016/j.scico.2005.06.001},
         publisher = {Elsevier North-Holland, Inc.},
         address = {Amsterdam, The Netherlands, The Netherlands},
         }
         @article{ Chen2004,
         author = {Mike Chen and Alice X. Zheng and Jim Lloyd and Michael I. Jordan and Eric Brewer},
         title = {Failure Diagnosis Using Decision Trees},
         journal ={Autonomic Computing, International Conference on},
         volume = {0},
         year = {2004},
         isbn = {0-7695-2114-2},
         pages = {36-43},
         doi = {http://doi.ieeecomputersociety.org/10.1109/ICAC.2004.31},
         publisher = {IEEE Computer Society},
         address = {Los Alamitos, CA, USA},
         }

         @INPROCEEDINGS{Duan,
         title={Guided Problem Diagnosis through Active Learning},
         author={Songyun Duan and Babu, S.},
         booktitle={Autonomic Computing, 2008. ICAC '08. International Conference on},
         year={2008},
         month={June},
         volume={},
         number={},
         pages={45-54},
         keywords={learning (artificial intelligence), program diagnostics, system recoveryactive learning, data monitoring, guided problem diagnosis, multiple correlated failures, system failure, system monitoring data},
         doi={10.1109/ICAC.2008.28},
         ISSN={}, }

@inproceedings{Demiroz1997,
   author = {G. Demiroz and A. Guvenir},
   booktitle = {9th European Conference on Machine Learning},
   pages = {85-92},
   publisher = {Springer},
   title = {Classification by voting feature intervals},
   year = {1997}
}

@INPROCEEDINGS{6100108,
author={Stehle, E. and Lynch, K. and Shevertalov, M. and Rorres, C. and Mancoridis, S.},
booktitle={Automated Software Engineering (ASE), 2011 26th IEEE/ACM International Conference on},
title={Diagnosis of software failures using computational geometry},
year={2011},
month={nov.},
volume={},
number={},
pages={496 -499},
keywords={computational geometry;failure diagnosis;malicious attacks;software engineering;software failures;software faults;software metrics;computational geometry;security of data;software fault tolerance;software metrics;},
doi={10.1109/ASE.2011.6100108},
ISSN={},}

@conference{stehle2010,
  title={{On the use of computational geometry to detect software faults at runtime}},
  author={Stehle, E. and Lynch, K. and Shevertalov, M. and Rorres, C. and Mancoridis, S.},
  booktitle={Proceeding of the 7th international conference on Autonomic computing},
  pages={109--118},
  year={2010},
  organization={ACM}
}

@conference{shevertalov2010using,
  title={{Using search methods for selecting and combining software sensors to improve fault detection in autonomic systems}},
  author={Shevertalov, M. and Lynch, K. and Stehle, E. and Rorres, C. and Mancoridis, S.},
  booktitle={Search Based Software Engineering (SSBSE), 2010 Second International Symposium on},
  pages={120--129},
  year={2010},
  organization={IEEE}}

@article{quickhull,
  title={{The Quickhull Algorithm for Convex Hulls}},
  author={{Barber, C. B., D.P. Dobkin, and H.T. Huhdanpaa}},
  journal={ACM Transactions on Mathematical Software},
  year={1996},
  pages={469-483}
}

@ARTICLE{1160055,
title={The Vision of Autonomic Computing},
author={Kephart, J.O. and Chess, D.M.},
journal={Computer},
year={2003},
month={Jan},
volume={36},
number={1},
pages={ 41-50},
abstract={ A 2001 IBM manifesto observed that a looming software complexity crisis -caused by applications and environments that number into the tens of millions of lines of code - threatened to halt progress in computing. The manifesto noted the almost impossible difficulty of managing current and planned computing systems, which require integrating several heterogeneous environments into corporate-wide computing systems that extend into the Internet. Autonomic computing, perhaps the most attractive approach to solving this problem, creates systems that can manage themselves when given high-level objectives from administrators. Systems manage themselves according to an administrator's goals. New components integrate as effortlessly as a new cell establishes itself in the human body. These ideas are not science fiction, but elements of the grand challenge to create self-managing computing systems.},
keywords={ DP industry autonomic computing, corporate-wide computing systems, self-managing computing systems, software complexity crisis},
doi={10.1109/MC.2003.1160055},
ISSN={0018-9162}, }

@ARTICLE{4061119,
title={Achieving Self-Management via Utility Functions},
author={Jeffrey O. Kephart and Rajarshi Das},
journal={Internet Computing, IEEE},
year={2007},
month={Jan.-Feb. },
volume={11},
number={1},
pages={40-48},
abstract={Self-management in accordance with high-level objectives that users can specify is a hallmark of autonomic computing systems. The authors advocate utility functions as a principled, practical, and general way of representing such objectives. In an effort to bring the promise of utility-based frameworks to the marketplace, they describe how they've implemented them in two commercial products so as to achieve efficient resource allocation in a prototype data center. They also address several challenges to commercialization stemming from the need to reconcile the two products' fundamentally different types of objectives},
keywords={resource allocation, utility programsautonomic computing system, prototype data center, resource allocation, self-management, utility function},
doi={10.1109/MIC.2007.2},
ISSN={1089-7801}, }

@article{DBLP:journals/ibmsj/AppavooHSWSKAEGGMORSX03,
  author    = {Jonathan Appavoo and
               Kevin Hui and
               Craig A. N. Soules and
               Robert W. Wisniewski and
               Dilma Da Silva and
               Orran Krieger and
               Marc A. Auslander and
               David Edelsohn and
               Benjamin Gamsa and
               Gregory R. Ganger and
               Paul E. McKenney and
               Michal Ostrowski and
               Bryan S. Rosenburg and
               Michael Stumm and
               Jimi Xenidis},
  title     = {Enabling autonomic behavior in systems software with hot
               swapping},
  journal   = {IBM Systems Journal},
  volume    = {42},
  number    = {1},
  year      = {2003},
  pages     = {60-76},
  ee        = {http://dx.doi.org/10.1147/sj.421.0060},
  bibsource = {DBLP, http://dblp.uni-trier.de}
}

@INPROCEEDINGS{4351383,
title={Building a Self-Healing Operating System},
author={David, F.M. and Campbell, R.H.},
booktitle={Dependable, Autonomic and Secure Computing, 2007. DASC 2007. Third IEEE International Symposium on},
year={2007},
month={Sept.},
volume={},
number={},
pages={3-10},
keywords={operating systems (computers), system recoveryautomatic system service restart, code reloading, exception handling, hardware fault, micro-rebooting, self-healing operating system, software fault, transactional component, user application, volatile memory, watchdog timer based recovery},
doi={10.1109/DASC.2007.22},
ISSN={}, }

@Article{Garlan2004,
      AUTHOR = {Garlan, David and Cheng, Shang-Wen and Huang, An-Cheng and Schmerl, Bradley and Steenkiste, Peter},
      TITLE = {Rainbow: Architecture-Based Self Adaptation with Reusable Infrastructure},
      YEAR = {2004},
      MONTH = {October},
      JOURNAL = {IEEE Computer},
      VOLUME = {37},
      NUMBER = {10},
      PDF = {http://acme.able.cs.cmu.edu/pubs/uploads/pdf/computer04.pdf},
      ABSTRACT = {The Rainbow framework uses software architectures and a reusable infrastructure to support self-adaptation of software systems. The use of external adaptation mechanisms allows the explicit specification of adaptation strategies for multiple system concerns.},
      KEYWORDS = {Autonomic Systems, Rainbow, Self-adaptation, Software Architecture}
}



@INPROCEEDINGS{5686315,
author={Kim, J.H.},
booktitle={Humanoid Robots (Humanoids), 2010 10th IEEE-RAS International Conference on},
title={Motion planning of optimal throw for whole-body humanoid},
year={2010},
month={dec.},
volume={},
number={},
pages={21 -26},
keywords={actuator torque;arm movement;associated dynamic feature;biped balance;ground reaction load;maximum distance throwing;motion planning;object projectile;optimal throw;realistic human like motion;release parameter;rigorous dynamic model;sidearm throw;throwing motion;torso movement;whole body humanoid;zero moment point;actuators;humanoid robots;legged locomotion;path planning;projectiles;torque control;},
doi={10.1109/ICHR.2010.5686315},
ISSN={},}

@article{JooH2011438,
title = "Optimization of throwing motion planning for whole-body humanoid mechanism: Sidearm and maximum distance",
journal = "Mechanism and Machine Theory",
volume = "46",
number = "4",
pages = "438 - 453",
year = "2011",
note = "",
issn = "0094-114X",
doi = "10.1016/j.mechmachtheory.2010.11.019",
url = "http://www.sciencedirect.com/science/article/pii/S0094114X10002168",
author = "Joo H. and Kim",}

@phdthesis{diankovThesis,
 author = "Rosen Diankov",
 title = "Automated Construction of Robotic Manipulation Programs",
 school = "Carnegie Mellon University, Robotics Institute",
 month = "August",
 year = "2010",
 number= "CMU-RI-TR-10-29",}

 @INPROCEEDINGS{100034,
author={Ying, Z.-Y. and Xi, Y.-G. and Zhang, Z.-H.},
booktitle={Robotics and Automation, 1989. Proceedings., 1989 IEEE International Conference on},
title={Test of the reachability of a robot to an object},
year={1989},
month={may},
volume={},
number={},
pages={490 -494 vol.1},
keywords={Planar 2R robot;RHINO robot;generalized cuboid;nonlinear programming;reachability;revised generalized reduced gradient algorithm;robot;nonlinear programming;robots;},
doi={10.1109/ROBOT.1989.100034},
ISSN={},}

@incollection {springerlink:101007,
   author = {Xue, Zhixing and Dillmann, Ruediger},
   affiliation = {Forschungszentrum Informatik, Haid-und-Neu Str. 10-14, 76131 Karlsruhe, Germany},
   title = {Efficient Grasp Planning with Reachability Analysis},
   booktitle = {Intelligent Robotics and Applications},
   series = {Lecture Notes in Computer Science},
   editor = {Liu, Honghai and Ding, Han and Xiong, Zhenhua and Zhu, Xiangyang},
   publisher = {Springer Berlin / Heidelberg},
   isbn = {978-3-642-16583-2},
   keyword = {Computer Science},
   pages = {26-37},
   volume = {6424},
   year = {2010}
}

@INPROCEEDINGS{1570152,
author={ Geraerts, R. and Overmars, M.H.},
booktitle={Robotics and Automation, 2005. ICRA 2005. Proceedings of the 2005 IEEE International Conference on},
title={Reachability Analysis of Sampling Based Planners},
year={2005},
month={april},
volume={},
number={},
pages={ 404 - 410},
keywords={ PRM ; Reachability analysis ; motion planning; potential field local planner ;},
doi={10.1109/ROBOT.2005.1570152},
ISSN={},}

@INPROCEEDINGS{509405,
author={Kato, N. and Matsuda, K. and Nakamura, T.},
booktitle={Advanced Motion Control, 1996. AMC '96-MIE. Proceedings., 1996 4th International Workshop on},
title={Adaptive control for a throwing motion of a 2 DOF robot},
year={1996},
month={mar},
volume={1},
number={},
pages={203 -207 vol.1},
keywords={ 2 DOF robot; adaptive control; maximum angular velocity; nonlinear dynamic compensation; target error; throwing motion control; torque limit; adaptive control; compensation; manipulators; motion control; nonlinear control systems; parameter estimation; position control;},
doi={10.1109/AMC.1996.509405},
ISSN={},}

@ARTICLE{Lynch97dynamicnonprehensile,
    author = {Kevin M. Lynch and Matthew T. Mason},
    title = {Dynamic Nonprehensile Manipulation: Controllability, Planning, and Experiments},
    journal = {International Journal of Robotics Research},
    year = {1997},
    volume = {18},
    pages = {64--92}
}

@INPROCEEDINGS{5152525,
author={Mori, W. and Ueda, J. and Ogasawara, T.},
booktitle={Robotics and Automation, 2009. ICRA '09. IEEE International Conference on},
title={1-DOF dynamic pitching robot that independently controls velocity, Angular velocity, and direction of a ball: Contact models and motion planning},
year={2009},
month={may},
volume={},
number={},
pages={1655 -1661},
keywords={1-DOF dynamic pitching robot;SA algorithm;angular velocity control;finger-link contact model;fingertip contact model;joint torque command;kinematic variable;motion path planning;nonlinear system;planar ball-throwing robot;planer manipulator;search algorithm;simulated annealing;underactuated contact dynamics;angular velocity control;manipulator dynamics;manipulator kinematics;mobile robots;motion control;nonlinear control systems;path planning;search problems;simulated annealing;torque control;},
doi={10.1109/ROBOT.2009.5152525},
ISSN={1050-4729},}

@INPROCEEDINGS{509335,
author={Nakamura, T.},
booktitle={Advanced Motion Control, 1996. AMC '96-MIE. Proceedings., 1996 4th International Workshop on},
title={Search guided by skill in motion planning using dynamic programming },
year={1996},
month={mar},
volume={2},
number={},
pages={711 -716 vol.2},
keywords={A* algorithm;configuration space;dynamic programming;heuristic search method;human skill;joint velocities;motion planning;dynamic programming;path planning;robots;search problems;},
doi={10.1109/AMC.1996.509335},
ISSN={},}

@article {springerlink:10.1007/s10015-006-0401-0,
   author = {Sato, Asaji and Sato, Osamu and Takahashi, Nobuya and Kono, Michio},
   affiliation = {Miyakonojo National College of Technology Department of Mechanical Engineering 473-1 Yoshio Miyakonojo 885-8567 Japan 473-1 Yoshio Miyakonojo 885-8567 Japan},
   title = {Trajectory for saving energy of a direct-drive manipulator in throwing motion},
   journal = {Artificial Life and Robotics},
   publisher = {Springer Japan},
   issn = {1433-5298},
   keyword = {Computer Science},
   pages = {61-66},
   volume = {11},
   issue = {1},
   url = {http://dx.doi.org/10.1007/s10015-006-0401-0},
   note = {10.1007/s10015-006-0401-0},
   year = {2007}
}

@INPROCEEDINGS{4651142,
author={Senoo, T. and Namiki, A. and Ishikawa, M.},
booktitle={Intelligent Robots and Systems, 2008. IROS 2008. IEEE/RSJ International Conference on},
title={High-speed throwing motion based on kinetic chain approach},
year={2008},
month={sept.},
volume={},
number={},
pages={3206 -3211},
keywords={ball control;high-speed dynamic manipulation;high-speed manipulator;high-speed throwing motion;kinetic chain approach;robotic throwing task;swing motion;torque transmission;manipulator dynamics;manipulator kinematics;motion control;torque control;},
doi={10.1109/IROS.2008.4651142},
ISSN={},}

@article{Herring19921173,
title = "Effects of changes in segmental values and timing of both torque and torque reversal in simulated throws",
journal = "Journal of Biomechanics",
volume = "25",
number = "10",
pages = "1173 - 1184",
year = "1992",
note = "",
issn = "0021-9290",
doi = "10.1016/0021-9290(92)90073-A",
url = "http://www.sciencedirect.com/science/article/pii/002192909290073A",
author = "R.M. Herring and A.E. Chapman"
}




@article{cross:305,
author = {Rod Cross},
collaboration = {},
title = {Physics of overarm throwing},
publisher = {AAPT},
year = {2004},
journal = {American Journal of Physics},
volume = {72},
number = {3},
pages = {305-312},
keywords = {physics; sport; velocity measurement; biomechanics; force measurement; student experiments},
url = {http://link.aip.org/link/?AJP/72/305/1},
doi = {10.1119/1.1634964}
}

@ARTICLE{4309277,
author={Vukobratovic, Miomir},
journal={Systems, Man and Cybernetics, IEEE Transactions on},
title={How to Control Artificial Anthropomorphic Systems},
year={1973},
month={sept. },
volume={3},
number={5},
pages={497 -507},
keywords={},
doi={10.1109/TSMC.1973.4309277},
ISSN={0018-9472},}

@INPROCEEDINGS{4813913,
author={Vande Weghe, M. and Ferguson, D. and Srinivasa, S.S.},
booktitle={Humanoid Robots, 2007 7th IEEE-RAS International Conference on},
title={Randomized path planning for redundant manipulators without inverse kinematics},
year={2007},
month={29 2007-dec. 1},
volume={},
number={},
pages={477 -482},
keywords={Jacobian transpose-directed rapidly exploring random trees;arm planning;end effector position;manipulator configuration space;redundant manipulators;sampling-based path planning algorithm;search tree;Jacobian matrices;end effectors;path planning;position control;redundant manipulators;sampling methods;trees (mathematics);},
doi={10.1109/ICHR.2007.4813913},
ISSN={},}

@INPROCEEDINGS{4048118,
author={W. A. Wolovich and H. Elliott},
booktitle={Decision and Control, 1984. The 23rd IEEE Conference on},
title={A computational technique for inverse kinematics},
year={1984},
month={dec. },
volume={23},
number={},
pages={1359 -1363},
keywords={},
doi={10.1109/CDC.1984.272258},
ISSN={},}

@INPROCEEDINGS{6094987,
author={Grunberg, David K. and Lofaro, Daniel M. and Oh, Paul Y. and Kim, Youngmoo E.},
booktitle={Intelligent Robots and Systems (IROS), 2011 IEEE/RSJ International Conference on},
title={Robot audition and beat identification in noisy environments},
year={2011},
month={sept.},
volume={},
number={},
pages={2916 -2921},
keywords={},
doi={10.1109/IROS.2011.6094987},
ISSN={2153-0858},}


@INPROCEEDINGS{5686847,
author={Lofaro, D.M. and Oh, P. and JunHo Oh and Youngmoo Kim},
booktitle={Humanoid Robots (Humanoids), 2010 10th IEEE-RAS International Conference on},
title={Interactive musical participation with humanoid robots through the use of novel musical tempo and beat tracking techniques in the absence of auditory cues},
year={2010},
month={dec.},
volume={},
number={},
pages={436 -441},
keywords={Jaemi Hubo;beat tracking;computer vision;digital signal processing;fast Fourier transform;humanoid robot;interactive musical participation;live musical performance;motion data;musical tempo tracking;optic flow algorithm;audio signal processing;auditory displays;fast Fourier transforms;humanoid robots;interactive systems;music;robot vision;},
doi={10.1109/ICHR.2010.5686847},
ISSN={},}

@INPROCEEDINGS{5928689,
author={Kim, Y.E. and Grunberg, D.K. and Batula, A.M. and Lofaro, D.M. and JunHo Oh and Oh, P.Y.},
booktitle={Collaboration Technologies and Systems (CTS), 2011 International Conference on},
title={Enabling humanoid musical interaction and performance},
year={2011},
month={may},
volume={},
number={},
pages={212 -215},
keywords={Hubo;Korean Advanced Institute of Science and Technology;adult sized humanoid robot;human-robot interaction;humanoid musical interaction;miniature humanoid robot;musical awareness;visual information;human-robot interaction;humanoid robots;intelligent robots;mobile robots;music;},
doi={10.1109/CTS.2011.5928689},
ISSN={},}




@INPROCEEDINGS{5686325,
author={Ellenberg, R. and Sherbert, R. and Oh, P.Y. and Alspach, A. and Gross, R.J. and JunHo Oh},
booktitle={Humanoid Robots (Humanoids), 2010 10th IEEE-RAS International Conference on},
title={A common interface for humanoid simulation and hardware},
year={2010},
month={dec.},
volume={},
number={},
pages={587 -592},
keywords={humanoid robots;software controller;standardized protocols;walking algorithm;control engineering computing;digital simulation;humanoid robots;robot programming;},
doi={10.1109/ICHR.2010.5686325},
ISSN={},}

@INPROCEEDINGS{5686276,
author={Youngbum Jun and Ellenberg, R. and Oh, P.},
booktitle={Humanoid Robots (Humanoids), 2010 10th IEEE-RAS International Conference on},
title={Realization of miniature humanoid for obstacle avoidance with real-time ZMP preview control used for full-sized humanoid},
year={2010},
month={dec.},
volume={},
number={},
pages={46 -51},
keywords={distance estimation;foot generator;full-sized humanoid;inconsistent terrain;miniature humanoid robots;obstacle avoidance;obstacle field;predefined trajectory;real-time ZMP preview controller;sensor data;three-dimensional inverted pendulum model;walking pattern generator;walking trajectory;zero moment point control;collision avoidance;gait analysis;humanoid robots;legged locomotion;nonlinear systems;pattern classification;pendulums;position control;predictive control;},
doi={10.1109/ICHR.2010.5686276},
ISSN={},}


@INPROCEEDINGS{5379582,
author={Ellenberg, R. and Grunberg, D. and Oh, P.Y. and Youngmoo Kim},
booktitle={Humanoid Robots, 2009. Humanoids 2009. 9th IEEE-RAS International Conference on},
title={Using miniature humanoids as surrogate research platforms},
year={2009},
month={dec.},
volume={},
number={},
pages={175 -180},
keywords={biped gait;human interaction;humanoid robots;miniature humanoids;social robotics;surrogate research platforms;humanoid robots;},
doi={10.1109/ICHR.2009.5379582},
ISSN={},}



@InProceedings{schaal01/BIRG,
   affiliation = {EPFL},
   author      = {Schaal, S. and Vijayakumar, S. and D'Souza, S. and
                 Ijspeert, A.J. and Nakanishi, J.},
   booktitle   = {International {S}ymposium of {R}obotics {R}esearch ({ISRR}01)},
   details     = {http://infoscience.epfl.ch/record/58504},
   documenturl = {http://infoscience.epfl.ch/record/58504/files/schaal01.pdf},
   oai-id      = {oai:infoscience.epfl.ch:58504},
   oai-set     = {conf; fulltext; fulltext-public},
   pages       = {117--124},
   publisher   = {Springer},
   status      = {PUBLISHED},
   title       = {Real-time statistical learning for robotics and human augmentation},
   unit        = {BIOROB},
   year        = 2001
}

@INPROCEEDINGS{6094892,
author={Wang, Zhikun and Lampert, Christoph H. and Mulling, Katharina and Scholkopf, Bernhard and Peters, Jan},
booktitle={Intelligent Robots and Systems (IROS), 2011 IEEE/RSJ International Conference on},
title={Learning anticipation policies for robot table tennis},
year={2011},
month={sept.},
volume={},
number={},
pages={332 -337},
keywords={},
doi={10.1109/IROS.2011.6094892},
ISSN={2153-0858},}

@INPROCEEDINGS{6094757,
author={Haddadin, Sami and Krieger, Kai and Kunze, Mirko and Albu-Schaffer, Alin},
booktitle={Intelligent Robots and Systems (IROS), 2011 IEEE/RSJ International Conference on},
title={Exploiting potential energy storage for cyclic manipulation: An analysis for elastic dribbling with an anthropomorphic robot},
year={2011},
month={sept.},
volume={},
number={},
pages={1789 -1796},
keywords={},
doi={10.1109/IROS.2011.6094757},
ISSN={2153-0858},}


@INPROCEEDINGS{5649335,
author={Jwu-Sheng Hu and Ming-Chih Chien and Yung-Jung Chang and Shyh-Haur Su and Chen-Yu Kai},
booktitle={Intelligent Robots and Systems (IROS), 2010 IEEE/RSJ International Conference on},
title={A ball-throwing robot with visual feedback},
year={2010},
month={oct.},
volume={},
number={},
pages={2511 -2512},
keywords={3D space target;ball throwing robot;ball throwing transformation;cubic polynomial;robot system;stereo vision system;target position;visible field;visual feedback;polynomials;robot vision;state feedback;stereo image processing;},
doi={10.1109/IROS.2010.5649335},
ISSN={2153-0858},}

@article{zmp35,
  author    = {Miomir Vukobratovic and
               Branislav Borovac},
  title     = {Zero-Moment Point - Thirty Five Years of its Life},
  journal   = {I. J. Humanoid Robotics},
  volume    = {1},
  number    = {1},
  year      = {2004},
  pages     = {157-173},
  ee        = {http://dx.doi.org/10.1142/S0219843604000083},
  bibsource = {DBLP, http://dblp.uni-trier.de}
}

@INPROCEEDINGS{4115653,
author={Fujiwara, K. and Kajita, S. and Harada, K. and Kaneko, K. and Morisawa, M. and Kanehiro, F. and Nakaoka, S. and Hirukawa, H.},
booktitle={Humanoid Robots, 2006 6th IEEE-RAS International Conference on}, title={Towards an Optimal Falling Motion for a Humanoid Robot},
year={2006},
month={dec.},
volume={},
number={},
pages={524 -529},
keywords={HRP-2FX robot;human-sized humanoid robot;optimal control;optimal falling motion;optimal planning;performance index;robot damage reduction;humanoid robots;mobile robots;motion control;optimal control;performance index;},
doi={10.1109/ICHR.2006.321323},
ISSN={},}

@INPROCEEDINGS{1248925,
author={Fujiwara, K. and Kanehiro, F. and Kajita, S. and Yokoi, K. and Saito, H. and Harada, K. and Kaneko, K. and Hirukawa, H.},
booktitle={Intelligent Robots and Systems, 2003. (IROS 2003). Proceedings. 2003 IEEE/RSJ International Conference on}, title={The first human-size humanoid that can fall over safely and stand-up again},
year={2003},
month={oct.},
volume={2},
number={},
pages={ 1920 - 1926 vol.2},
keywords={ biped humanoid robots; human-size humanoid robot; leg motion; shock-absorbing parts; legged locomotion; motion control;},
doi={10.1109/IROS.2003.1248925},
ISSN={ },}

@INPROCEEDINGS{4399327,
author={Fujiwara, K. and Kajita, S. and Harada, K. and Kaneko, K. and Morisawa, M. and Kanehiro, F. and Nakaoka, S. and Hirukawa, H.},
booktitle={Intelligent Robots and Systems, 2007. IROS 2007. IEEE/RSJ International Conference on}, title={An optimal planning of falling motions of a humanoid robot},
year={2007},
month={29 2007-nov. 2},
volume={},
number={},
pages={456 -462},
keywords={HRP-2FX human-sized humanoid robot;optimal control;optimal falling motion planning;performance index;robot damage reduction;humanoid robots;mobile robots;optimal control;path planning;},
doi={10.1109/IROS.2007.4399327},
ISSN={},}

@INPROCEEDINGS{4813885,
author={Ogata, K. and Koji Terada and Yasuo Kuniyoshi},
booktitle={Humanoid Robots, 2007 7th IEEE-RAS International Conference on}, title={Falling motion control for humanoid robots while walking},
year={2007},
month={29 2007-dec. 1},
volume={},
number={},
pages={306 -311},
keywords={Ukemi motion;discriminant analysis;falling motion control;feedback control;humanoid robots;optimal strategy;sensor data;three-dimensional linear inverted pendulum mode;feedback;humanoid robots;mobile robots;motion control;nonlinear control systems;},
doi={10.1109/ICHR.2007.4813885},
ISSN={},}

@INPROCEEDINGS{4755950,
author={Ogata, K. and Terada, K. and Kuniyoshi, Y.},
booktitle={Humanoid Robots, 2008. Humanoids 2008. 8th IEEE-RAS International Conference on}, title={Real-time selection and generation of fall damage reduction actions for humanoid robots},
year={2008},
month={dec.},
volume={},
number={},
pages={233 -238},
keywords={active shock reducing motions;dynamical 3D-symmetrization method;dynamics simulation;fall damage reduction actions;fall-avoidance motions;falling motion control;humanoid robots;motion selection method;predicted ZMP;zero moment point;humanoid robots;mobile robots;motion control;robot dynamics;},
doi={10.1109/ICHR.2008.4755950},
ISSN={},}

@INPROCEEDINGS{4058847,
author={Renner, R. and Behnke, S.},
booktitle={Intelligent Robots and Systems, 2006 IEEE/RSJ International Conference on}, title={Instability Detection and Fall Avoidance for a Humanoid using Attitude Sensors and Reflexes},
year={2006},
month={oct.},
volume={},
number={},
pages={2967 -2973},
keywords={RoboCup soccer;attitude sensors;bipedal walking;fall avoidance;humanoid robots;instability detection;medium-sized disturbances;omnidirectional walking;reflexes;collision avoidance;humanoid robots;legged locomotion;robot dynamics;sensors;stability;},
doi={10.1109/IROS.2006.282153},
ISSN={},}

@INPROCEEDINGS{772398,
author={Jin-Ho Shin and Ju-Jang Lee},
booktitle={Robotics and Automation, 1999. Proceedings. 1999 IEEE International Conference on}, title={Fault detection and robust fault recovery control for robot manipulators with actuator failures},
year={1999},
month={},
volume={2},
number={},
pages={861 -866 vol.2},
keywords={actuator failures;dynamics;fault detection;fault recovery;fault-tolerant control;identification;robot manipulators;robust control;fault diagnosis;fault tolerance;identification;manipulator dynamics;robust control;},
doi={10.1109/ROBOT.1999.772398},
ISSN={},}

@INPROCEEDINGS{5686325,
author={Ellenberg, R. and Sherbert, R. and Oh, P.Y. and Alspach, A. and Gross, R.J. and JunHo Oh},
booktitle={Humanoid Robots (Humanoids), 2010 10th IEEE-RAS International Conference on},
title={A common interface for humanoid simulation and hardware},
year={2010},
month={dec.},
volume={},
number={},
pages={587 -592},
keywords={humanoid robots;software controller;standardized protocols;walking algorithm;control engineering computing;digital simulation;humanoid robots;robot programming;},
doi={10.1109/ICHR.2010.5686325},
ISSN={},}
